@misc{ enwiki:1013108330,
	author = "{Wikipedia contributors}",
	title = "Decision tree learning --- {Wikipedia}{,} The Free Encyclopedia",
	year = "2021",
	url = "https://en.wikipedia.org/w/index.php?title=Decision_tree_learning&oldid=1013108330",
	note = "[Online; accessed 12-April-2021]"
}
@book{ramakrishnan2000database,
	title={Database management systems},
	author={Ramakrishnan, Raghu and Gehrke, Johannes},
	year={2000},
	publisher={McGraw-Hill}
}